@book{MREMP,
author = {D. Mayer, J.Polák},
title = {Metody řešení elektrických a magnetických polí},
publisher = {SNTL/ALFA},
year = {1983},
isbn = {}
}

@book{ZNREMP,
author = {D. Mayer, B. Ulrych},
title = {Základy numerického řešení elektrických a magnetických polí},
publisher = {SNTL/ALFA},
year = {1988},
isbn = {}
}

@book{NMPE,
author = {M.Křížek, K.Segeth},
title = {Numerické modelování problémů elektrotechniky},
publisher = {Karolinum},
year = {2001},
isbn = {80-246-0287-3}
}

@book{TZEP,
author = {F.Mach},
title = {Teoretické základy elektrotepelných procesů},
publisher = {},
year = {2011},
isbn = {}
}

@book{VA,
author = {J.Polák},
title = {Vektorová analýza},
publisher = {ZČU Plzeň - ediční středisko},
year = {1993},
isbn = {80-7082-096-9}
}

@book{TEMP,
author = {D.Mayer},
title = {Teorie elektromagnetického pole},
publisher = {Tiskové středisko ZČU},
year = {2004},
isbn = {80-7082-826-9}
}

@book{NTEMP,
author = {K.Novotný},
title = {Teorie elektromagnetického pole I},
publisher = {Vydavatelství ČVUT},
year = {2005},
isbn = {80-01-03226-4}
}

@book{NMEMP,
author = {J.Macháč,K.Novotný,Z.Škvor,J.Vokurka},
title = {Numerické metody v elektomagnetickém poli},
publisher = {Česká technika - vydavatelství ČVUT},
year = {2007},
isbn = {978-80-01-03753-9}
}

@book{FP,
author = {R.P.Feynman,R.B.Leighton,M.Sands},
title = {Feynmanovy přednášky z fyziky s řešenými příklady 2/3},
publisher = {Fragment},
year = {2001},
isbn = {80-7200-420-4}
}

@book{TLUM3,
author = {Vítězslav Pankrác},
title = {Tlumivky v silnoproudé elektrotechnice 3. část},
publisher = {Elektrorevue},
year = {2010/10},
isbn = {}
}

@book{TLUM4,
author = {Vítězslav Pankrác},
title = {Tlumivky v silnoproudé elektrotechnice 4. část},
publisher = {Elektrorevue},
year = {2010/63},
isbn = {}
}

@book{TLUM1,
author = {Vítězslav Pankrác},
title = {Tlumivky v silnoproudé elektrotechnice 1. část},
publisher = {Elektrorevue},
year = {2009/2},
isbn = {}
}

@book{TLUM2,
author = {Vítězslav Pankrác},
title = {Tlumivky v silnoproudé elektrotechnice 2. část},
publisher = {Elektrorevue},
year = {2010/9},
isbn = {}
}

@book{TPREE,
author = {Jiřina Mertlová, Pavla Hejtmánková, Tomáš Tajtl},
title = {Teorie přenosu a rozvodu elektrické energie},
publisher = {Elektrorevue},
year = {2008},
isbn = {Západočeská univerzita v Plzni}
}